<record><leader>00000cas a22000007a 4500</leader><controlfield tag="001">11569820</controlfield><controlfield tag="008">850111d18751884njudn ne      0    0eng d</controlfield><datafield ind1=" " ind2=" " tag="010"><subfield code="a">sn 85025073 </subfield></datafield><datafield ind1=" " ind2=" " tag="040"><subfield code="a">NPX</subfield><subfield code="b">eng</subfield><subfield code="c">NPX</subfield><subfield code="d">NPA</subfield><subfield code="d">NJW</subfield><subfield code="d">OCLCQ</subfield></datafield><datafield ind1=" " ind2=" " tag="042"><subfield code="a">msc</subfield></datafield><datafield ind1="0" ind2=" " tag="130"><subfield code="a">Argus (Jersey City, N.J.)</subfield></datafield><datafield ind1="1" ind2="4" tag="245"><subfield code="a">The Argus.</subfield></datafield><datafield ind1=" " ind2=" " tag="260"><subfield code="a">Jersey City, N.J. :</subfield><subfield code="b">M. Mullone,</subfield><subfield code="c">1875-1884.</subfield></datafield><datafield ind1=" " ind2=" " tag="300"><subfield code="a">v.</subfield></datafield><datafield ind1=" " ind2=" " tag="310"><subfield code="a">Daily (except Sun.)</subfield></datafield><datafield ind1="0" ind2=" " tag="362"><subfield code="a">Vol. 1, no. 1 (Apr. 10, 1875)-v. 10, no. 338 (Feb. 2, 1884).</subfield></datafield><datafield ind1=" " ind2=" " tag="500"><subfield code="a">Editor: M. Mullone, 1875-&lt;1877&gt;.</subfield></datafield><datafield ind1=" " ind2=" " tag="500"><subfield code="a">"Democratic and Reform."</subfield></datafield><datafield ind1=" " ind2=" " tag="530"><subfield code="a">Also issued on microfilm by the New Jersey State Library.</subfield></datafield><datafield ind1=" " ind2=" " tag="752"><subfield code="a">United States</subfield><subfield code="b">New Jersey</subfield><subfield code="c">Hudson</subfield><subfield code="d">Jersey City.</subfield></datafield><datafield ind1="0" ind2="0" tag="780"><subfield code="t">American standard (Jersey City, N.J.)</subfield><subfield code="w">(DLC)sn 84026025</subfield><subfield code="w">(OCoLC)10260551</subfield></datafield><datafield ind1="0" ind2="0" tag="785"><subfield code="t">Jersey City Argus</subfield><subfield code="w">(DLC)sn 86077282</subfield><subfield code="w">(OCoLC)15372149</subfield></datafield><datafield ind1="1" ind2=" " tag="029"><subfield code="a">AU@</subfield><subfield code="b">000025817339</subfield></datafield></record>